<?xml version="1.0" encoding="UTF-8"?><record xmlns="http://www.loc.gov/MARC21/slim" xmlns:cinclude="http://apache.org/cocoon/include/1.0" xmlns:zs="http://www.loc.gov/zing/srw/">
  <leader>00559cz  a2200157n  4500</leader>
  <controlfield tag="001">n  97108245 </controlfield>
  <controlfield tag="003">DLC</controlfield>
  <controlfield tag="005">20050324073034.0</controlfield>
  <controlfield tag="008">971027n| acannaabn          |n aaa      </controlfield>
  <datafield tag="010" ind1=" " ind2=" ">
    <subfield code="a">n  97108245 </subfield>
  </datafield>
  <datafield tag="035" ind1=" " ind2=" ">
    <subfield code="a">(OCoLC)oca04487036</subfield>
  </datafield>
  <datafield tag="040" ind1=" " ind2=" ">
    <subfield code="a">DLC</subfield>
    <subfield code="b">eng</subfield>
    <subfield code="c">DLC</subfield>
    <subfield code="d">GU</subfield>
    <subfield code="d">OCoLC</subfield>
  </datafield>
  <datafield tag="053" ind1=" " ind2="0">
    <subfield code="a">PR9199.3.B626</subfield>
  </datafield>
  <datafield tag="100" ind1="1" ind2=" ">
    <subfield code="a">Bow, Patricia,</subfield>
    <subfield code="d">1946-</subfield>
  </datafield>
  <datafield tag="670" ind1=" " ind2=" ">
    <subfield code="a">Her The spiral maze, c1997:</subfield>
    <subfield code="b">t.p. (Patricia Bow) Can CIP (Bow, Patricia, 1947- )</subfield>
  </datafield>
  <datafield tag="670" ind1=" " ind2=" ">
    <subfield code="a">Chimpanzee rescue, c2004:</subfield>
    <subfield code="b">t.p. (Patricia Bow) C an CIP (Bow, Patricia, 1946- ) p. 4 of cover (author of children's novels)</subfield>
  </datafield>
</record>